<record><leader>00000cas a22000007a 4500</leader><controlfield tag="001">11640717</controlfield><controlfield tag="008">850131d184518uuohuwr ne      0    0eng d</controlfield><datafield ind1=" " ind2=" " tag="010"><subfield code="a">sn 84028881 </subfield></datafield><datafield ind1=" " ind2=" " tag="040"><subfield code="a">NPY</subfield><subfield code="b">eng</subfield><subfield code="c">NPY</subfield><subfield code="d">OCLCQ</subfield></datafield><datafield ind1=" " ind2=" " tag="042"><subfield code="a">msc</subfield></datafield><datafield ind1="0" ind2="0" tag="245"><subfield code="a">Lawrence County gazette.</subfield></datafield><datafield ind1=" " ind2=" " tag="260"><subfield code="a">Burlington, Ohio :</subfield><subfield code="b">W.C. Wheeler</subfield></datafield><datafield ind1=" " ind2=" " tag="300"><subfield code="a">v. ;</subfield><subfield code="c">51 cm.</subfield></datafield><datafield ind1=" " ind2=" " tag="310"><subfield code="a">Weekly</subfield></datafield><datafield ind1="1" ind2=" " tag="362"><subfield code="a">Began in 1845?</subfield></datafield><datafield ind1=" " ind2=" " tag="500"><subfield code="a">"A family newspaper, devoted to religious news, home industry, agriculture, and general intelligence."</subfield></datafield><datafield ind1=" " ind2=" " tag="500"><subfield code="a">Published on Saturday.</subfield></datafield><datafield ind1=" " ind2=" " tag="588"><subfield code="a">Description based on: Vol. 3, no. 7 (June 10, 1848).</subfield></datafield><datafield ind1=" " ind2=" " tag="752"><subfield code="a">United States</subfield><subfield code="b">Ohio</subfield><subfield code="c">Lawrence</subfield><subfield code="d">Burlington.</subfield></datafield></record>